<?xml version="1.0" encoding="utf-8"?>
<record xmlns="http://www.loc.gov/MARC21/slim" xmlns:xsi="http://www.w3.org/2001/XMLSchema-instance" xsi:schemaLocation="http://www.loc.gov/MARC21/slim http://www.loc.gov/standards/marcxml/schema/MARC21slim.xsd">
	<leader>     nam a22     Mi 4500</leader>
	<controlfield tag="001">3181431</controlfield>
	<controlfield tag="003">NNC</controlfield>
	<controlfield tag="006">m        d        </controlfield>
	<controlfield tag="007">cr cn |||m|||a</controlfield>
	<controlfield tag="008">190409s1884    ua      od    000 0 arar </controlfield>
	<datafield ind1=" " ind2=" " tag="040">
		<subfield code="a">ZYU</subfield>
		<subfield code="b">ara</subfield>
		<subfield code="e">rda</subfield>
		<subfield code="c">ZYU</subfield>
	</datafield>
	<datafield ind1=" " ind2="4" tag="050">
		<subfield code="a">PJ6620</subfield>
		<subfield code="b">F38 1884</subfield>
	</datafield>
	<datafield ind1="1" ind2=" " tag="100">
		<subfield code="a">Fayyūmī, Aḥmad ibn Muḥammad,</subfield>
		<subfield code="d">-approximately 1368.</subfield>
	</datafield>
	<datafield ind1="1" ind2="0" tag="240">
		<subfield code="a">Misbāḥ al-munīr fī gharīb al-sharḥ al-kabīr lil-Imām al-Rāfiʻī</subfield>
	</datafield>
	<datafield ind1="1" ind2="0" tag="245">
		<subfield code="a">Kitāb al-miṣbāḥ al-munīr fī gharīb al-sharḥ al-kabīr lil-Imām al-Rāfiʻī /</subfield>
		<subfield code="c">taʼlīf Aḥmad ibn Muḥammad ibn ʻAlī al-Miqran al-Fayyūmī.</subfield>
	</datafield>
	<datafield ind1=" " ind2=" " tag="260">
		<subfield code="a">[Al-Qāhirah] :</subfield>
		<subfield code="b">Al-Maṭbaʻat al-Bahīyah al-Miṣrīyah,</subfield>
		<subfield code="c">1302 [1884]</subfield>
	</datafield>
	<datafield ind1=" " ind2=" " tag="300">
		<subfield code="a">online resource (2 volumes in 1)</subfield>
	</datafield>
	<datafield ind1=" " ind2=" " tag="336">
		<subfield code="a">text</subfield>
		<subfield code="2">rdacontent</subfield>
	</datafield>
	<datafield ind1=" " ind2=" " tag="337">
		<subfield code="a">computer</subfield>
		<subfield code="2">rdamedia</subfield>
	</datafield>
	<datafield ind1=" " ind2=" " tag="338">
		<subfield code="a">online resource</subfield>
		<subfield code="2">rdacarrier</subfield>
	</datafield>
	<datafield ind1=" " ind2=" " tag="500">
		<subfield code="a">Part of the Arabic Collections Online (ACO) project, contributed by Columbia University Libraries.</subfield>
	</datafield>
	<datafield ind1=" " ind2=" " tag="504">
		<subfield code="a">A dictionary based on the vocabulary used by al-Rāfiʻī in his commentary, entitled Fatḥ al-ʻazīz, on al-Ghazzālī's al-Wajīz.</subfield>
	</datafield>
	<datafield ind1=" " ind2=" " tag="533">
		<subfield code="a">Electronic reproduction.</subfield>
		<subfield code="b">New York, N.Y. :</subfield>
		<subfield code="c">New York University,</subfield>
		<subfield code="d">2019.</subfield>
		<subfield code="5">NNU</subfield>
	</datafield>
	<datafield ind1=" " ind2="0" tag="650">
		<subfield code="a">Arabic language</subfield>
		<subfield code="v">Dictionaries.</subfield>
	</datafield>
	<datafield ind1=" " ind2="7" tag="650">
		<subfield code="a">Arabic language.</subfield>
		<subfield code="2">fast</subfield>
		<subfield code="0">(OCoLC)fst00812287</subfield>
	</datafield>
	<datafield ind1=" " ind2="7" tag="655">
		<subfield code="a">Dictionaries.</subfield>
		<subfield code="2">fast</subfield>
		<subfield code="0">(OCoLC)fst01423826</subfield>
	</datafield>
	<datafield ind1="1" ind2="2" tag="700">
		<subfield code="a">Rāfiʻī, ʻAbd al-Karīm ibn Muḥammad,</subfield>
		<subfield code="d">1162-1226.</subfield>
		<subfield code="t">Fatḥ al-ʻAzīz ʻalá kitāb al-Wajīz.</subfield>
	</datafield>
	<datafield ind1="0" ind2="2" tag="700">
		<subfield code="a">Ghazzālī,</subfield>
		<subfield code="d">1058-1111.</subfield>
		<subfield code="t">Wajīz.</subfield>
	</datafield>
	<datafield ind1="2" ind2=" " tag="710">
		<subfield code="a">Columbia University.</subfield>
		<subfield code="b">Libraries.</subfield>
	</datafield>
	<datafield ind1="0" ind2=" " tag="730">
		<subfield code="a">Arabic Collections Online.</subfield>
	</datafield>
	<datafield ind1="0" ind2="8" tag="776">
		<subfield code="i">Online version:</subfield>
		<subfield code="a">Fayyūmī, Aḥmad ibn Muḥammad, -approximately 1368.</subfield>
		<subfield code="s">Misbāḥ al-munīr fī gharīb al-sharḥ al-kabīr lil-Imām al-Rāfiʻī.</subfield>
		<subfield code="t">Kitāb al-miṣbāḥ al-munīr fī gharīb al-sharḥ al-kabīr lil-Imām al-Rāfiʻī.</subfield>
		<subfield code="d">[Al-Qāhirah] : Al-Maṭbaʻat al-Bahīyah al-Miṣrīyah, 1302 [1884]</subfield>
		<subfield code="w">(OCoLC)578147481</subfield>
	</datafield>
	<datafield ind1="0" ind2="8" tag="776">
		<subfield code="i">Print version:</subfield>
		<subfield code="a">Fayyūmī, Aḥmad ibn Muḥammad, -approximately 1368.</subfield>
		<subfield code="t">Kitāb al-miṣbāḥ al-munīr fī gharīb al-sharḥ al-kabīr lil-Imām al-Rāfiʻī</subfield>
		<subfield code="w">(NNC)3181431</subfield>
		<subfield code="w">(DLC)ne 65001925 </subfield>
		<subfield code="w">(OCoLC)23499075</subfield>
	</datafield>
	<datafield ind1="4" ind2="0" tag="856">
		<subfield code="u">http://hdl.handle.net/2333.1/z34tmxzb</subfield>
	</datafield>
	<datafield ind1=" " ind2=" " tag="959">
		<subfield code="a">NNU</subfield>
		<subfield code="b">WEB</subfield>
		<subfield code="c">GENI</subfield>
		<subfield code="t">0</subfield>
		<subfield code="m">Electronic access</subfield>
		<subfield code="s">01</subfield>
	</datafield>
	<datafield ind1=" " ind2=" " tag="999">
		<subfield code="i">NNC_3181431</subfield>
		<subfield code="o">(OCoLC)ocm23499075 </subfield>
		<subfield code="s">columbia_aco003753</subfield>
		<subfield code="e">(ERROR-880)</subfield>
	</datafield>
</record>
